@article{capituloiii2021,
author = {Zambrano, Manuela Silva},
file = {:home/jnicolaschc/GitHub/Teor{\'{i}}a de Telecominicaciones I /ttl1_trabajo3/Referencias/cap{\'{i}}tulo III.pdf:pdf},
journal = {Temas y teorias relacionadas con los sistemas LTI (Notas de clase)},
title = {{Cap{\'{i}}tulo 3: Sistema LTI}},
year = {2021}
}

@article{quiz2021,
author = {Zambrano, Manuela Silva},
file = {:home/jnicolaschc/GitHub/Teor{\'{i}}a de Telecominicaciones I /ttl1_trabajo3/Referencias/clase22_04.pdf:pdf},
journal = {Usado para recordar las propiedades del teorema de distorsi{\'{o}}n lineal},
title = {{Quiz Sistemas LTI}},
year = {2021}
}

@misc{Chaparro2013,
author = {Chaparro, Luis},
file = {:home/jnicolaschc/GitHub/Teor{\'{i}}a de Telecominicaciones I /ttl1_trabajo3/Referencias/Convolucion de dos ventanas en el tiempo.mp4:mp4},
publisher = {Usuario de Youtube},
title = {{Convolucion de dos ventanas en el tiempo}},
url = {https://www.youtube.com/watch?v=OmMocxJ7MnQ},
year = {2013}
}

@misc{densidad2021,
author = {Zambrano, Manuela Silva},
file = {:home/jnicolaschc/GitHub/Teor{\'{i}}a de Telecominicaciones I /ttl1_trabajo3/Referencias/Densidad Espectral de Energia.mp4:mp4},
publisher = {Docente de la Universidad del Cauca},
title = {{Densidad Espectral de Energia}},
year = {2021}
}

@unpublished{Fabian,
author = {Fabi{\'{a}}n, Ing V{\'{i}}ctor and P{\'{e}}rez, Miram{\'{a}}},
file = {:home/jnicolaschc/.local/share/data/Mendeley Ltd./Mendeley Desktop/Downloaded/Fabi{\'{a}}n, P{\'{e}}rez - Unknown - TEOR{\'{I}}A DE TELECOMUNICACIONES I Sistemas Anal{\'{o}}gicos.pdf:pdf},
institution = {Universidad del Cauca},
title = {{TEOR{\'{I}}A DE TELECOMUNICACIONES I Sistemas Anal{\'{o}}gicos}},
url = {http://artemisa.unicauca.edu.co/$\sim$vflorez/TTL1/Documento Clase - Teoria de Telecomunicacion I VM.pdf}
}

@misc{ejercicio2021,
author = {Zambrano, Manuela Silva},
file = {:home/jnicolaschc/GitHub/Teor{\'{i}}a de Telecominicaciones I /ttl1_trabajo3/Referencias/ejercicios convolucion.pdf:pdf},
publisher = {Docente de la Universidad del Cauca},
title = {ejercicios convolucion.pdf},
year = {2021}
}

@article{filtros2021,
author = {Zambrano, Manuela Silva},
file = {:home/jnicolaschc/GitHub/Teor{\'{i}}a de Telecominicaciones I /ttl1_trabajo3/Referencias/ejercicios Filtros Ideales2.pdf:pdf},
journal = {Explicaci{\'{o}}n de funcionamiento de filtros ideales},
title = {{Filtros}},
year = {2021}
}
